@article{reznick1995uniform,
 Author = {Reznick, Bruce},
 Title = {Uniform denominators in {Hilbert}'s seventeenth problem},
 FJournal = {Mathematische Zeitschrift},
 Journal = {Math. Z.},
 ISSN = {0025-5874},
 Volume = {220},
 Number = {1},
 Pages = {75--97},
 Year = {1995},
 DOI = {10.1007/BF02572604},
 Keywords = {12D15,11E25},
 zbMATH = {799549},
 Zbl = {0828.12002}
}

@Book{marshall2008positivepolynomials,
 Author = {Marshall, Murray},
 Title = {Positive polynomials and sums of squares},
 FSeries = {Mathematical Surveys and Monographs},
 Series = {Math. Surv. Monogr.},
 ISSN = {0076-5376},
 Volume = {146},
 ISBN = {978-0-8218-4402-1},
 Year = {2008},
 Publisher = {Providence, RI: American Mathematical Society (AMS)},
 Language = {English},
 Keywords = {13-02,14-02,13J30,12-02,12J10,12J15,14P10},
 zbMATH = {5255035},
 Zbl = {1169.13001}
}

@Book{lasserre2015anintroduction,
 Author = {Lasserre, Jean Bernard},
 Title = {An introduction to polynomial and semi-algebraic optimization},
 FSeries = {Cambridge Texts in Applied Mathematics},
 Series = {Camb. Texts Appl. Math.},
 ISBN = {978-1-107-63069-7; 978-1-107-06057-9; 978-1-107-44722-6},
 Year = {2015},
 Publisher = {Cambridge: Cambridge University Press},
 Language = {English},
 DOI = {10.1017/CBO9781107447226},
 Keywords = {90-02,90C26,65K10},
 zbMATH = {6371550},
 Zbl = {1320.90003}
}

@InCollection{laurent2009sumsofsquares,
 Author = {Laurent, Monique},
 Title = {Sums of squares, moment matrices and optimization over polynomials},
 BookTitle = {Emerging applications of algebraic geometry. Papers of the IMA workshops Optimization and control, January 16--20, 2007 and Applications in biology, dynamics, and statistics, March 5--9, 2007, held at IMA, Minneapolis, MN, USA},
 ISBN = {978-0-387-09685-8},
 Pages = {157--270},
 Year = {2009},
 Publisher = {New York, NY: Springer},
 Language = {English},
 Keywords = {13P10,13J25,14P10,15A99,90C22,90C30},
 zbMATH = {5507018},
 Zbl = {1163.13021}
}

@article{averkov2013constructive,
	title={Constructive proofs of some positivstellensätze for compact semialgebraic subsets of $\mathbb{R}^d$},
	author={Averkov, Gennadiy},
	journal={Journal of Optimization Theory and Applications},
	volume={158},
	number={2},
	pages={410--418},
	year={2013},
	publisher={Springer}
}

@article {Powers:Reznick:2001,
	AUTHOR = {Powers, Victoria and Reznick, Bruce},
	TITLE = {A new bound for {P}\'olya's theorem with applications to
	polynomials positive on polyhedra},
	NOTE = {Effective methods in algebraic geometry (Bath, 2000)},
	JOURNAL = {J. Pure Appl. Algebra},
	FJOURNAL = {Journal of Pure and Applied Algebra},
	VOLUME = {164},
	YEAR = {2001},
	NUMBER = {1-2},
	PAGES = {221--229},
	ISSN = {0022-4049},
	MRCLASS = {14P10 (14Q99 26C05 52B99)},
	MRNUMBER = {1854339},
	MRREVIEWER = {Digen Zhang},
	DOI = {10.1016/S0022-4049(00)00155-9},
	URL = {https://doi.org/10.1016/S0022-4049(00)00155-9},
}

@book {Marshall:2008,
	AUTHOR = {Marshall, Murray},
	TITLE = {Positive polynomials and sums of squares},
	SERIES = {Mathematical Surveys and Monographs},
	VOLUME = {146},
	PUBLISHER = {American Mathematical Society, Providence, RI},
	YEAR = {2008},
	PAGES = {xii+187},
	ISBN = {978-0-8218-4402-1; 0-8218-4402-4},
	MRCLASS = {13J30 (14P10 44A60 90C22 90C26)},
	MRNUMBER = {2383959},
	MRREVIEWER = {Markus Schweighofer},
	DOI = {10.1090/surv/146},
	URL = {http://dx.doi.org/10.1090/surv/146},
}
@unpublished{Laurent:Vallentin:2012,
	author = {M. Laurent, F. Vallentin},
	title = {Semidefinite Optimization Lecture Notes},
	year = {2012},
}

@book {Gaertner:Matousek:2012,
	AUTHOR = {G\"artner, Bernd and Matou\v{s}ek, Ji\v{r}{\'\i}},
	TITLE = {Approximation algorithms and semidefinite programming},
	PUBLISHER = {Springer, Heidelberg},
	YEAR = {2012},
	PAGES = {xii+251},
	ISBN = {978-3-642-22014-2; 978-3-642-22015-9},
	MRCLASS = {90-02 (05Cxx 68W25 90C22)},
	MRNUMBER = {3015090},
	MRREVIEWER = {Jane Juan-Juan Ye},
	DOI = {10.1007/978-3-642-22015-9},
	URL = {http://dx.doi.org/10.1007/978-3-642-22015-9},
}

@article {Pfister:Scheiderer:2012,
	AUTHOR = {Pfister, Albrecht and Scheiderer, Claus},
	TITLE = {An elementary proof of {H}ilbert's theorem on ternary
	quartics},
	JOURNAL = {J. Algebra},
	FJOURNAL = {Journal of Algebra},
	VOLUME = {371},
	YEAR = {2012},
	PAGES = {1--25},
	ISSN = {0021-8693},
	MRCLASS = {11E20 (12D15)},
	MRNUMBER = {2975385},
	MRREVIEWER = {Jan van Geel},
	DOI = {10.1016/j.jalgebra.2012.07.042},
	URL = {http://dx.doi.org/10.1016/j.jalgebra.2012.07.042},
}

@book {Bochnak:Coste:Roy:1998,
	AUTHOR = {Bochnak, Jacek and Coste, Michel and Roy, Marie-Fran\c{c}oise},
	TITLE = {Real algebraic geometry},
	SERIES = {Ergebnisse der Mathematik und ihrer Grenzgebiete (3) [Results
	in Mathematics and Related Areas (3)]},
	VOLUME = {36},
	NOTE = {Translated from the 1987 French original,
	Revised by the authors},
	PUBLISHER = {Springer-Verlag, Berlin},
	YEAR = {1998},
	PAGES = {x+430},
	ISBN = {3-540-64663-9},
	MRCLASS = {14Pxx (11E25 32C05 58A07)},
	MRNUMBER = {1659509},
	MRREVIEWER = {A. Tognoli},
	DOI = {10.1007/978-3-662-03718-8},
	URL = {http://dx.doi.org/10.1007/978-3-662-03718-8},
}

@article {MR3212780,
	AUTHOR = {Bank, Bernd and Giusti, Marc and Heintz, Joos and El Din,
	Mohab Safey},
	TITLE = {Intrinsic complexity estimates in polynomial optimization},
	JOURNAL = {J. Complexity},
	FJOURNAL = {Journal of Complexity},
	VOLUME = {30},
	YEAR = {2014},
	NUMBER = {4},
	PAGES = {430--443},
	ISSN = {0885-064X},
	MRCLASS = {65Y20 (68Q25 68W30 90C60)},
	MRNUMBER = {3212780},
	MRREVIEWER = {Fr\~A\copyright{}d\~A\copyright{}ric Goualard},
	DOI = {10.1016/j.jco.2014.02.005},
	URL = {http://dx.doi.org/10.1016/j.jco.2014.02.005},
}

@article{chua2016gram,
	title={Gram spectrahedra},
	author={Chua, Lynn and Plaumann, Daniel and Sinn, Rainer and Vinzant, Cynthia},
	journal={arXiv preprint arXiv:1608.00234},
	year={2016}
}

@article {Reznick1978,
	AUTHOR = {Reznick, Bruce},
	TITLE = {Extremal {PSD} forms with few terms},
	JOURNAL = {Duke Math. J.},
	FJOURNAL = {Duke Mathematical Journal},
	VOLUME = {45},
	YEAR = {1978},
	NUMBER = {2},
	PAGES = {363--374},
	ISSN = {0012-7094},
	MRCLASS = {10C25},
	MRNUMBER = {0480338},
	MRREVIEWER = {Peter Gruber},
	URL = {http://projecteuclid.org/euclid.dmj/1077312822},
}

@book {Atiyah:Macdonald:2016,
	AUTHOR = {Atiyah, M. F. and Macdonald, I. G.},
	TITLE = {Introduction to commutative algebra},
	SERIES = {Addison-Wesley Series in Mathematics},
	EDITION = {economy},
	NOTE = {For the 1969 original see [ MR0242802]},
	PUBLISHER = {Westview Press, Boulder, CO},
	YEAR = {2016},
	PAGES = {ix+128},
	ISBN = {978-0-8133-5018-9; 0-201-00361-9; 0-201-40751-5},
	MRCLASS = {13-01 (13-00)},
	MRNUMBER = {3525784},
}

@article {Parrilo:2003,
	AUTHOR = {Parrilo, Pablo A.},
	TITLE = {Semidefinite programming relaxations for semialgebraic
	problems},
	NOTE = {Algebraic and geometric methods in discrete optimization},
	JOURNAL = {Math. Program.},
	FJOURNAL = {Mathematical Programming. A Publication of the Mathematical
	Programming Society},
	VOLUME = {96},
	YEAR = {2003},
	NUMBER = {2, Ser. B},
	PAGES = {293--320},
	ISSN = {0025-5610},
	MRCLASS = {90C22 (13J30 14P10 90C10)},
	MRNUMBER = {1993050},
	MRREVIEWER = {Franz Rendl},
	DOI = {10.1007/s10107-003-0387-5},
	URL = {http://dx.doi.org/10.1007/s10107-003-0387-5},
}

@article{lombardi2014elementary,
	title={An elementary recursive bound for effective Positivstellensatz and Hilbert 17-th problem},
	author={Lombardi, Henri and Perrucci, Daniel and Roy, Marie-Fran{\c{c}}oise},
	journal={arXiv preprint arXiv:1404.2338},
	year={2014}
}

@article {MR3385951,
	AUTHOR = {Sagraloff, Michael and Mehlhorn, Kurt},
	TITLE = {Computing real roots of real polynomials},
	JOURNAL = {J. Symbolic Comput.},
	FJOURNAL = {Journal of Symbolic Computation},
	VOLUME = {73},
	YEAR = {2016},
	PAGES = {46--86},
	ISSN = {0747-7171},
	MRCLASS = {65H04 (12D10)},
	MRNUMBER = {3385951},
	MRREVIEWER = {Trevor J. Richards},
	DOI = {10.1016/j.jsc.2015.03.004},
	URL = {http://dx.doi.org/10.1016/j.jsc.2015.03.004},
}


@article {MR2736359,
	AUTHOR = {Mehlhorn, Kurt and Sagraloff, Michael},
	TITLE = {A deterministic algorithm for isolating real roots of a real
	polynomial},
	JOURNAL = {J. Symbolic Comput.},
	FJOURNAL = {Journal of Symbolic Computation},
	VOLUME = {46},
	YEAR = {2011},
	NUMBER = {1},
	PAGES = {70--90},
	ISSN = {0747-7171},
	MRCLASS = {68W30 (65H04)},
	MRNUMBER = {2736359},
	DOI = {10.1016/j.jsc.2010.09.004},
	URL = {http://dx.doi.org/10.1016/j.jsc.2010.09.004},
}


@incollection {MR2742714,
	AUTHOR = {Mehlhorn, Kurt and Sagraloff, Michael},
	TITLE = {Isolating real roots of real polynomials},
	BOOKTITLE = {I{SSAC} 2009---{P}roceedings of the 2009 {I}nternational
	{S}ymposium on {S}ymbolic and {A}lgebraic {C}omputation},
	PAGES = {247--254},
	PUBLISHER = {ACM, New York},
	YEAR = {2009},
	MRCLASS = {68W30 (12D10)},
	MRNUMBER = {2742714},
	DOI = {10.1145/1576702.1576737},
	URL = {http://dx.doi.org/10.1145/1576702.1576737},
}

@article{goel2016choi,
	title={On the Choi--Lam analogue of Hilbert's 1888 theorem for symmetric forms},
	author={Goel, Charu and Kuhlmann, Salma and Reznick, Bruce},
	journal={Linear Algebra and its Applications},
	volume={496},
	pages={114--120},
	year={2016},
	publisher={Elsevier}
}

@article{choi1977old,
	title={An old question of Hilbert},
	author={Choi, Man Duen and Lam, Tsit Yuen},
	journal={Queen’s papers in pure and applied mathematics},
	volume={46},
	number={385-405},
	pages={11},
	year={1977}
}

@article{dur2010copositive,
	title={Copositive programming—a survey},
	author={D{\"u}r, Mirjam},
	journal={Recent advances in optimization and its applications in engineering},
	volume={320},
	year={2010},
	publisher={Springer}
}

@book {Rudin,
	AUTHOR = {Rudin, Walter},
	TITLE = {Principles of mathematical analysis},
	EDITION = {Third},
	NOTE = {International Series in Pure and Applied Mathematics},
	PUBLISHER = {McGraw-Hill Book Co., New York-Auckland-D\"usseldorf},
	YEAR = {1976},
	PAGES = {x+342},
	MRCLASS = {26-02},
	MRNUMBER = {0385023},
}
